@article{Campagne_2023,
    doi = {10.21105/astro.2302.05163},
    url = {https://doi.org/10.21105%2Fastro.2302.05163},
    year = 2023,
    month = {apr},
    publisher = {The Open Journal},
    volume = {6},
    author = {Jean-Eric Campagne and Fran{\c{c}
}ois Lanusse and Joe Zuntz and Alexandre Boucaud and Santiago Casas and Minas Karamanis and David Kirkby and Denise Lanzieri and Austin Peel and Yin Li}, 
    title = {{JAX}-{COSMO}: An End-to-End Differentiable and {GPU} Accelerated Cosmology Library},
    journal = {The Open Journal of Astrophysics}
}}

@article{coles1991lognormal,
  title={A lognormal model for the cosmological mass distribution},
  author={Coles, Peter and Jones, Bernard},
  journal={Monthly Notices of the Royal Astronomical Society},
  volume={248},
  number={1},
  pages={1--13},
  year={1991},
  publisher={The Royal Astronomical Society}
}

@article{bohm2017bayesian,
  title={Bayesian weak lensing tomography: Reconstructing the 3D large-scale distribution of matter with a lognormal prior},
  author={B{\"o}hm, Vanessa and Hilbert, Stefan and Greiner, Maksim and En{\ss}lin, Torsten A},
  journal={Physical Review D},
  volume={96},
  number={12},
  pages={123510},
  year={2017},
  publisher={APS}
}


@article{abramo2016fourier,
  title={Fourier analysis of multitracer cosmological surveys},
  author={Abramo, L Raul and Secco, Lucas F and Loureiro, Arthur},
  journal={Monthly Notices of the Royal Astronomical Society},
  volume={455},
  number={4},
  pages={3871--3889},
  year={2016},
  publisher={Oxford University Press}
}

@article{abramo2022fisher,
  title={Fisher matrix for the angular power spectrum of multi-tracer galaxy surveys},
  author={Abramo, L Raul and Ferri, Jo{\~a}o Vitor Dinarte and Tashiro, Ian Lucas and Loureiro, Arthur},
  journal={Journal of Cosmology and Astroparticle Physics},
  volume={2022},
  number={08},
  pages={073},
  year={2022},
  publisher={IOP Publishing}
}


@article{hilbert2011cosmic,
  title={Cosmic shear covariance: the log-normal approximation},
  author={Hilbert, Stefan and Hartlap, Jan and Schneider, Peter},
  journal={Astronomy \& Astrophysics},
  volume={536},
  pages={A85},
  year={2011},
  publisher={EDP Sciences}
}

@article{clerkin2017testing,
  title={Testing the lognormality of the galaxy and weak lensing convergence distributions from Dark Energy Survey maps},
  author={Clerkin, Lucinda and Kirk, Donnacha and Manera, M and Lahav, O and Abdalla, F and Amara, Adam and Bacon, D and Chang, C and Gaztanaga, E and Hawken, A and others},
  journal={Monthly Notices of the Royal Astronomical Society},
  volume={466},
  number={2},
  pages={1444--1461},
  year={2017},
  publisher={Oxford University Press}
}

@article{giocoli2017fast,
  title={Fast weak-lensing simulations with halo model},
  author={Giocoli, Carlo and Di Meo, Sandra and Meneghetti, Massimo and Jullo, Eric and de La Torre, Sylvain and Moscardini, Lauro and Baldi, Marco and Mazzotta, Pasquale and Metcalf, R Benton},
  journal={Monthly Notices of the Royal Astronomical Society},
  volume={470},
  number={3},
  pages={3574--3590},
  year={2017},
  publisher={Oxford University Press}
}

@article{gatti2020dark,
  title={Dark Energy Survey Year 3 results: cosmology with moments of weak lensing mass maps--validation on simulations},
  author={Gatti, Marco and Chang, C and Friedrich, Oliver and Jain, B and Bacon, D and Crocce, M and DeRose, J and Ferrero, Ismael and Fosalba, P and Gaztanaga, E and others},
  journal={Monthly Notices of the Royal Astronomical Society},
  volume={498},
  number={3},
  pages={4060--4087},
  year={2020},
  publisher={Oxford University Press}
}


@article{hall2022non,
  title={Non-Gaussian likelihood of weak lensing power spectra},
  author={Hall, Alex and Taylor, Andy},
  journal={Physical Review D},
  volume={105},
  number={12},
  pages={123527},
  year={2022},
  publisher={APS}
}

@article{xavier2016improving,
  title={Improving lognormal models for cosmological fields},
  author={Xavier, Henrique S and Abdalla, Filipe B and Joachimi, Benjamin},
  journal={Monthly Notices of the Royal Astronomical Society},
  volume={459},
  number={4},
  pages={3693--3710},
  year={2016},
  publisher={Oxford University Press}
}

@article{jeffrey2021likelihood,
  title={Likelihood-free inference with neural compression of DES SV weak lensing map statistics},
  author={Jeffrey, Niall and Alsing, Justin and Lanusse, Fran{\c{c}}ois},
  journal={Monthly Notices of the Royal Astronomical Society},
  volume={501},
  number={1},
  pages={954--969},
  year={2021},
  publisher={Oxford University Press}
}

@article{kullback1951information,
  title={On information and sufficiency},
  author={Kullback, Solomon and Leibler, Richard A},
  journal={The annals of mathematical statistics},
  volume={22},
  number={1},
  pages={79--86},
  year={1951},
  publisher={JSTOR}
}


@article{barber2003information,
  title={Information maximization in noisy channels: A variational approach},
  author={Barber, David and Agakov, Felix},
  journal={Advances in Neural Information Processing Systems},
  volume={16},
  year={2003}
}

@ARTICLE{2018PhRvD..97j3515G,
       author = {{Gupta}, Arushi and {Matilla}, Jos{\'e} Manuel Zorrilla and
         {Hsu}, Daniel and others},
        title = "{Non-Gaussian information from weak lensing data via deep learning}",
     keywords = {Astrophysics - Cosmology and Nongalactic Astrophysics, Computer Science - Machine Learning, Statistics - Machine Learning},
         year = 2018,
       volume = {97},
       number = {10},
          eid = {103515},
        pages = {103515},
          doi = {10.1103/PhysRevD.97.103515},
archivePrefix = {arXiv},
       eprint = {1802.01212},
 primaryClass = {astro-ph.CO},
       adsurl = {https://ui.adsabs.harvard.edu/abs/2018PhRvD..97j3515G},
      adsnote = {Provided by the SAO/NASA Astrophysics Data System}
}


@misc{ribli2018improved,
      title={An improved cosmological parameter inference scheme motivated by deep learning}, 
      author={Dezső Ribli and Bálint Ármin Pataki and István Csabai},
      year={2018},
      eprint={1806.05995},
      archivePrefix={arXiv},
      primaryClass={astro-ph.CO}
}

@article{ribli2019weak,
  title={Weak lensing cosmology with convolutional neural networks on noisy data},
  author={Ribli, Dezs{\H{o}} and Pataki, B{\'a}lint {\'A}rmin and Zorrilla Matilla, Jos{\'e} Manuel and Hsu, Daniel and Haiman, Zolt{\'a}n and Csabai, Istv{\'a}n},
  journal={Monthly Notices of the Royal Astronomical Society},
  volume={490},
  number={2},
  pages={1843--1860},
  year={2019},
  publisher={Oxford University Press}
}

@article{PhysRevD.98.123518,
  title = {Cosmological constraints from noisy convergence maps through deep learning},
  author = {Fluri, Janis and Kacprzak, Tomasz and Refregier, Alexandre and Amara, Adam and Lucchi, Aurelien and Hofmann, Thomas},
  journal = {Phys. Rev. D},
  volume = {98},
  issue = {12},
  pages = {123518},
  numpages = {16},
  year = {2018},
  publisher = {American Physical Society},
  doi = {10.1103/PhysRevD.98.123518},
  url = {https://link.aps.org/doi/10.1103/PhysRevD.98.123518}
}


@article{PhysRevD.102.123506,
  title = {Interpreting deep learning models for weak lensing},
  author = {Matilla, Jos\'e Manuel Zorrilla and Sharma, Manasi and Hsu, Daniel and Haiman, Zolt\'an},
  journal = {Phys. Rev. D},
  volume = {102},
  issue = {12},
  pages = {123506},
  numpages = {13},
  year = {2020},
  publisher = {American Physical Society},
  doi = {10.1103/PhysRevD.102.123506},
  url = {https://link.aps.org/doi/10.1103/PhysRevD.102.123506}
}

@article{alsing2019fast,
  title={Fast likelihood-free cosmology with neural density estimators and active learning},
  author={Alsing, Justin and Charnock, Tom and Feeney, Stephen and Wandelt, Benjamin},
  journal={Monthly Notices of the Royal Astronomical Society},
  volume={488},
  number={3},
  pages={4440--4458},
  year={2019},
  publisher={Oxford University Press}
}


@article{fluri2018cosmological,
  title={Cosmological constraints from noisy convergence maps through deep learning},
  author={Fluri, Janis and Kacprzak, Tomasz and Refregier, Alexandre and Amara, Adam and Lucchi, Aurelien and Hofmann, Thomas},
  journal={Physical Review D},
  volume={98},
  number={12},
  pages={123518},
  year={2018},
  publisher={APS}
}

@article{fluri2019cosmological,
  title={Cosmological constraints with deep learning from KiDS-450 weak lensing maps},
  author={Fluri, Janis and Kacprzak, Tomasz and Lucchi, Aurelien and Refregier, Alexandre and Amara, Adam and Hofmann, Thomas and Schneider, Aurel},
  journal={Physical Review D},
  volume={100},
  number={6},
  pages={063514},
  year={2019},
  publisher={APS}
}

@article{fluri2021cosmological,
  title={Cosmological parameter estimation and inference using deep summaries},
  author={Fluri, Janis and Kacprzak, Tomasz and Refregier, Alexandre and Lucchi, Aurelien and Hofmann, Thomas},
  journal={Physical Review D},
  volume={104},
  number={12},
  pages={123526},
  year={2021},
  publisher={APS}
}


@article{fluri2022full,
  title={Full w CDM analysis of KiDS-1000 weak lensing maps using deep learning},
  author={Fluri, Janis and Kacprzak, Tomasz and Lucchi, Aurelien and Schneider, Aurel and Refregier, Alexandre and Hofmann, Thomas},
  journal={Physical Review D},
  volume={105},
  number={8},
  pages={083518},
  year={2022},
  publisher={APS}
}


@article{kacprzak2022deeplss,
  title={DeepLSS: Breaking Parameter Degeneracies in Large-Scale Structure with Deep-Learning Analysis of Combined Probes},
  author={Kacprzak, Tomasz and Fluri, Janis},
  journal={Physical Review X},
  volume={12},
  number={3},
  pages={031029},
  year={2022},
  publisher={APS}
}


@article{lu2022simultaneously,
  title={Simultaneously constraining cosmology and baryonic physics via deep learning from weak lensing},
  author={Lu, Tianhuan and Haiman, Zolt{\'a}n and Zorrilla Matilla, Jos{\'e} Manuel},
  journal={Monthly Notices of the Royal Astronomical Society},
  volume={511},
  number={1},
  pages={1518--1528},
  year={2022},
  publisher={Oxford University Press}
}

@article{lu2023cosmological,
  title={Cosmological constraints from HSC survey first-year data using deep learning},
  author={Lu, Tianhuan and Haiman, Zolt{\'a}n and Li, Xiangchong},
  journal={arXiv preprint arXiv:2301.01354},
  year={2023}
}


@article{zhang2022transitioning,
  title={Transitioning from Stage-III to Stage-IV: cosmology from galaxy$\times$ CMB lensing and shear$\times$ CMB lensing},
  author={Zhang, Zhuoqi and Chang, Chihway and Larsen, Patricia and Secco, Lucas F and Zuntz, Joe and LSST Dark Energy Science Collaboration},
  journal={Monthly Notices of the Royal Astronomical Society},
  volume={514},
  number={2},
  pages={2181--2197},
  year={2022},
  publisher={Oxford University Press}
}

@article{boruah2022map,
  title={Map-based cosmology inference with lognormal cosmic shear maps},
  author={Boruah, Supranta S and Rozo, Eduardo and Fiedorowicz, Pier},
  journal={Monthly Notices of the Royal Astronomical Society},
  volume={516},
  number={3},
  pages={4111--4122},
  year={2022},
  publisher={Oxford University Press}
}


@article{friedrich2018density,
  title={Density split statistics: Joint model of counts and lensing in cells},
  author={Friedrich, Oliver and Gruen, Daniel and DeRose, J and Kirk, D and Krause, E and McClintock, T and Rykoff, ES and Seitz, S and Wechsler, RH and Bernstein, GM and others},
  journal={Physical Review D},
  volume={98},
  number={2},
  pages={023508},
  year={2018},
  publisher={APS}
}

@article{friedrich2020primordial,
  title={Primordial non-Gaussianity without tails--how to measure f NL with the bulk of the density PDF},
  author={Friedrich, Oliver and Uhlemann, Cora and Villaescusa-Navarro, Francisco and Baldauf, Tobias and Manera, Marc and Nishimichi, Takahiro},
  journal={Monthly Notices of the Royal Astronomical Society},
  volume={498},
  number={1},
  pages={464--483},
  year={2020},
  publisher={Oxford University Press}
}

@article{smail1995deep,
  title={Deep optical galaxy counts with the Keck Telescope},
  author={Smail, Ian and Hogg, David W and Yan, Lin and Cohen, Judith G},
  journal={The Astrophysical Journal},
  volume={449},
  number={2},
  pages={L105},
  year={1995},
  publisher={IOP Publishing}
}

@article{mandelbaum2018lsst,
  title={The LSST Dark Energy Science Collaboration (DESC) Science Requirements Document},
  author={Mandelbaum, Rachel and Eifler, Tim and Hlo{\v{z}}ek, Ren{\'e}e and Collett, Thomas and Gawiser, Eric and Scolnic, Daniel and Alonso, David and Awan, Humna and Biswas, Rahul and Blazek, Jonathan and others},
  journal={arXiv preprint arXiv:1809.01669},
  year={2018}
}

@ARTICLE{2016A&C....17...73P,
        author = {{Petri}, A.},
        title = "{Mocking the weak lensing universe: The LensTools Python computing package}",
        journal = {Astronomy and Computing},
        archivePrefix = "arXiv",
        eprint = {1606.01903},
        keywords = {Weak Gravitational Lensing, Simulations},
        year = 2016,
        month = oct,
        volume = 17,
        pages = {73-79},
        doi = {10.1016/j.ascom.2016.06.001},
        adsurl = {http://adsabs.harvard.edu/abs/2016A\%26C....17...73P},
        adsnote = {Provided by the SAO/NASA Astrophysics Data System}
}

@misc{realnvp,
      title={Density estimation using Real NVP}, 
      author={Laurent Dinh and Jascha Sohl-Dickstein and Samy Bengio},
      year={2017},
      eprint={1605.08803},
      archivePrefix={arXiv},
      primaryClass={cs.LG}
}

@misc{silu,
      title={Sigmoid-Weighted Linear Units for Neural Network Function Approximation in Reinforcement Learning}, 
      author={Stefan Elfwing and Eiji Uchibe and Kenji Doya},
      year={2017},
      eprint={1702.03118},
      archivePrefix={arXiv},
      primaryClass={cs.LG}
}

@misc{npe1,
      title={Fast $\epsilon$-free Inference of Simulation Models with Bayesian Conditional Density Estimation}, 
      author={George Papamakarios and Iain Murray},
      year={2018},
      eprint={1605.06376},
      archivePrefix={arXiv},
      primaryClass={stat.ML}
}

@misc{npe2,
      title={Flexible statistical inference for mechanistic models of neural dynamics}, 
      author={Jan-Matthis Lueckmann and Pedro J. Goncalves and Giacomo Bassetto and Kaan Öcal and Marcel Nonnenmacher and Jakob H. Macke},
      year={2017},
      eprint={1711.01861},
      archivePrefix={arXiv},
      primaryClass={stat.ML}
}

@misc{npe3,
      title={Automatic Posterior Transformation for Likelihood-Free Inference}, 
      author={David S. Greenberg and Marcel Nonnenmacher and Jakob H. Macke},
      year={2019},
      eprint={1905.07488},
      archivePrefix={arXiv},
      primaryClass={cs.LG}
}

@misc{nf1,
      title={Variational Inference with Normalizing Flows}, 
      author={Danilo Jimenez Rezende and Shakir Mohamed},
      year={2016},
      eprint={1505.05770},
      archivePrefix={arXiv},
      primaryClass={stat.ML}
}

@misc{nf2,
      title={Normalizing Flows for Probabilistic Modeling and Inference}, 
      author={George Papamakarios and Eric Nalisnick and Danilo Jimenez Rezende and Shakir Mohamed and Balaji Lakshminarayanan},
      year={2021},
      eprint={1912.02762},
      archivePrefix={arXiv},
      primaryClass={stat.ML}
}

@article{klypin2018density,
  title={Density distribution of the cosmological matter field},
  author={Klypin, Anatoly and Prada, Francisco and Betancort-Rijo, Juan and Albareti, Franco D},
  journal={Monthly Notices of the Royal Astronomical Society},
  volume={481},
  number={4},
  pages={4588--4601},
  year={2018},
  publisher={Oxford University Press}
}

